@Book{xie2015,
  title = {Dynamic Documents with {R} and knitr},
  author = {Yihui Xie},
  publisher = {Chapman and Hall/CRC},
  address = {Boca Raton, Florida},
  year = {2015},
  edition = {2nd},
  note = {ISBN 978-1498716963},
  url = {http://yihui.name/knitr/},
}

@article{boehm1975thoughts,
  title={Thoughts on the harmonization of some proposals for a new International actuarial notation},
  author={Boehm, C and Engelfriet, J and Helbig, M and Kool, A IM and Leepin, P and Neuburger, E and Wilkie, AD},
  journal={Bl{\"a}tter der DGVFM},
  volume={12},
  number={2},
  pages={99--129},
  year={1975},
  publisher={Springer}
}


@article{halperin1965recommended,
  title={Recommended standards for statistical symbols and notation: Copss Committee on Symbols and Notation},
  author={Halperin, Max and Hartley, Herman O and Hoel, Paul G},
  journal={The American Statistician},
  volume={19},
  number={3},
  pages={12--14},
  year={1965},
  publisher={Taylor \& Francis Group}
}

@article{abadir2002notation,
  title={Notation in econometrics: a proposal for a standard},
  author={Abadir, Karim and Magnus, Jan},
  journal={The Econometrics Journal},
  volume={5},
  number={1},
  pages={76--90},
  year={2002},
  publisher={Wiley Online Library}
}

